<?xml version="1.0"?>
<marc:records xmlns:marc="http://www.loc.gov/MARC21/slim" xmlns:xsi="http://www.w3.org/2001/XMLSchema-instance" xsi:schemaLocation="http://www.loc.gov/MARC21/slim http://www.loc.gov/standards/marcxml/schema/MARC21slim.xsd">
  <marc:record>
    <marc:leader>05032ctm a2200637Ia 4500</marc:leader>
    <marc:controlfield tag="001">9944235463503681</marc:controlfield>
    <marc:controlfield tag="005">20200811085238.0</marc:controlfield>
    <marc:controlfield tag="008">081202p17001799xx            000 0 ara d</marc:controlfield>
    <marc:datafield ind1=" " ind2=" " tag="035">
  <marc:subfield code="a">(OCoLC)276878148</marc:subfield>
</marc:datafield>
    <marc:datafield ind1=" " ind2=" " tag="035">
  <marc:subfield code="a">(OCoLC)ocn276878148</marc:subfield>
</marc:datafield>
    <marc:datafield ind1=" " ind2=" " tag="035">
  <marc:subfield code="a">(PU)4423546-penndb-Voyager</marc:subfield>
</marc:datafield>
    <marc:datafield ind1=" " ind2=" " tag="040">
  <marc:subfield code="a">PAU</marc:subfield>
  <marc:subfield code="b">eng</marc:subfield>
  <marc:subfield code="c">PAU</marc:subfield>
  <marc:subfield code="d">OCLCQ</marc:subfield>
  <marc:subfield code="d">PAU</marc:subfield>
  <marc:subfield code="d">OCLCF</marc:subfield>
  <marc:subfield code="d">PAU</marc:subfield>
</marc:datafield>
    <marc:datafield ind1=" " ind2="9" tag="099">
  <marc:subfield code="a">CAJS Rar Ms 136</marc:subfield>
</marc:datafield>
    <marc:datafield ind1="0" ind2="0" tag="245">
  <marc:subfield code="6">880-01</marc:subfield>
  <marc:subfield code="a">Kita&#x304;b Qis&#x323;s&#x323;at Sayyidina&#x304; Yu&#x304;suf.</marc:subfield>
</marc:datafield>
    <marc:datafield ind1="3" ind2="0" tag="246">
  <marc:subfield code="6">880-02</marc:subfield>
  <marc:subfield code="a">Qis&#x323;s&#x323;at Sayyidina&#x304; Yu&#x304;suf.</marc:subfield>
</marc:datafield>
    <marc:datafield ind1=" " ind2=" " tag="260">
  <marc:subfield code="c">[17--?]</marc:subfield>
</marc:datafield>
    <marc:datafield ind1=" " ind2=" " tag="300">
  <marc:subfield code="a">93 leaves :</marc:subfield>
  <marc:subfield code="b">paper ;</marc:subfield>
  <marc:subfield code="c">205 x 140 (155 x 95) mm bound to 205 x 150 mm.</marc:subfield>
</marc:datafield>
    <marc:datafield ind1=" " ind2=" " tag="336">
  <marc:subfield code="a">text</marc:subfield>
  <marc:subfield code="b">txt</marc:subfield>
  <marc:subfield code="2">rdacontent</marc:subfield>
</marc:datafield>
    <marc:datafield ind1=" " ind2=" " tag="337">
  <marc:subfield code="a">unmediated</marc:subfield>
  <marc:subfield code="b">n</marc:subfield>
  <marc:subfield code="2">rdamedia</marc:subfield>
</marc:datafield>
    <marc:datafield ind1=" " ind2=" " tag="338">
  <marc:subfield code="a">volume</marc:subfield>
  <marc:subfield code="b">nc</marc:subfield>
  <marc:subfield code="2">rdacarrier</marc:subfield>
</marc:datafield>
    <marc:datafield ind1=" " ind2=" " tag="500">
  <marc:subfield code="a">Ms. codex.</marc:subfield>
</marc:datafield>
    <marc:datafield ind1=" " ind2=" " tag="500">
  <marc:subfield code="a">Title from title page (f. 1r)</marc:subfield>
</marc:datafield>
    <marc:datafield ind1=" " ind2=" " tag="500">
  <marc:subfield code="a">Foliation: Foliation in ink in Hindu-Arabic numerals, upper left recto. Pagination also in ink in Hindu-Arabic numerals on f. [1]v through f. 45r.</marc:subfield>
</marc:datafield>
    <marc:datafield ind1=" " ind2=" " tag="500">
  <marc:subfield code="a">Layout: Written in 15 long lines in black and red ink, with marginalia. Catchwords at the end of every leaf.</marc:subfield>
</marc:datafield>
    <marc:datafield ind1=" " ind2=" " tag="500">
  <marc:subfield code="a">Script: Written in naskh in black ink; quotations are vocalised and in quotation marks, which are written in red ink.</marc:subfield>
</marc:datafield>
    <marc:datafield ind1=" " ind2=" " tag="500">
  <marc:subfield code="a">Binding: Textblock detached from binding, of which only one blind-stamped leather board and spine remain; board is stamped with central mandorla and two pendants on the vertical axis.  Housed with a paper envelope with printed address of Dropsie College and ms. inscriptions in Roman and Arabic scripts identifying contents and donor.</marc:subfield>
</marc:datafield>
    <marc:datafield ind1=" " ind2=" " tag="500">
  <marc:subfield code="a">Origin: Item is undated; an owner's note places it before 1746; probably produced in the 18th century.</marc:subfield>
</marc:datafield>
    <marc:datafield ind1=" " ind2=" " tag="500">
  <marc:subfield code="a">Watermark: Crown-star-crescent.</marc:subfield>
</marc:datafield>
    <marc:datafield ind1=" " ind2=" " tag="520">
  <marc:subfield code="a">Story of Joseph based on the Qur&#x2BC;a&#x304;n su&#x304;rah 12 and embroidered with stories and verses of a devotional nature. Divided into sections by the word fas&#x323;l, stories are preceded by the word h&#x323;ika&#x304;yah and the verses by shi&#x2BB;r. Occasional marginal notes in a different hand. Copy ends abruptly.</marc:subfield>
</marc:datafield>
    <marc:datafield ind1=" " ind2=" " tag="524">
  <marc:subfield code="a">CAJS Rar Ms 136.</marc:subfield>
</marc:datafield>
    <marc:datafield ind1="1" ind2=" " tag="541">
  <marc:subfield code="a">Gift of John Frederick Lewis to the Library of the Dropsie College for Hebrew and Cognate Learning (inscription, envelope housing).</marc:subfield>
</marc:datafield>
    <marc:datafield ind1=" " ind2=" " tag="546">
  <marc:subfield code="a">Arabic.</marc:subfield>
</marc:datafield>
    <marc:datafield ind1="1" ind2=" " tag="561">
  <marc:subfield code="a">Formerly owned by Mus&#x323;t&#x323;afa&#x301; Kari&#x304;mi&#x304; al-H&#x323;amawi&#x304;. It ended up in his possession on 12 Sha&#x2BB;ba&#x304;n 1159 (30 August, 1746) from its previous owner al-H&#x323;a&#x304;jj Muh&#x323;ammad ibn al-H&#x323;a&#x304;jj Mu&#x304;sa&#x301;, al-&#x2BB;At&#x323;t&#x323;a&#x304;r al-T&#x323;ara&#x304;bulusi&#x304; (note, f. 1r).</marc:subfield>
</marc:datafield>
    <marc:datafield ind1="1" ind2=" " tag="561">
  <marc:subfield code="a">Formerly owned by John Frederick Lewis (inscription, envelope housing).</marc:subfield>
</marc:datafield>
    <marc:datafield ind1="1" ind2=" " tag="561">
  <marc:subfield code="a">Formerly owned by the Dropsie College for Hebrew and Cognate Learning (inscription, envelope housing).</marc:subfield>
</marc:datafield>
    <marc:datafield ind1="0" ind2="0" tag="600">
  <marc:subfield code="a">Joseph</marc:subfield>
  <marc:subfield code="c">(Son of Jacob)</marc:subfield>
  <marc:subfield code="x">Islamic interpretations.</marc:subfield>
</marc:datafield>
    <marc:datafield ind1="0" ind2="7" tag="600">
  <marc:subfield code="a">Joseph</marc:subfield>
  <marc:subfield code="c">(Son of Jacob)</marc:subfield>
  <marc:subfield code="2">fast</marc:subfield>
  <marc:subfield code="0">(OCoLC)fst00041708</marc:subfield>
</marc:datafield>
    <marc:datafield ind1="0" ind2="0" tag="630">
  <marc:subfield code="a">Qur&#x2BC;an.</marc:subfield>
  <marc:subfield code="p">Su&#x304;rat Yu&#x304;suf</marc:subfield>
  <marc:subfield code="x">Criticism, interpretation, etc.</marc:subfield>
</marc:datafield>
    <marc:datafield ind1="0" ind2="7" tag="630">
  <marc:subfield code="a">Qur&#x2BC;an.</marc:subfield>
  <marc:subfield code="p">Su&#x304;rat Yu&#x304;suf.</marc:subfield>
  <marc:subfield code="2">fast</marc:subfield>
  <marc:subfield code="0">(OCoLC)fst01842941</marc:subfield>
</marc:datafield>
    <marc:datafield ind1=" " ind2="0" tag="650">
  <marc:subfield code="a">Qur'an stories.</marc:subfield>
</marc:datafield>
    <marc:datafield ind1=" " ind2="7" tag="650">
  <marc:subfield code="a">Joseph (Son of Jacob) in the Qur&#x2BC;an.</marc:subfield>
  <marc:subfield code="2">fast</marc:subfield>
  <marc:subfield code="0">(OCoLC)fst01907046</marc:subfield>
</marc:datafield>
    <marc:datafield ind1=" " ind2="7" tag="655">
  <marc:subfield code="a">Codices (bound manuscripts)</marc:subfield>
  <marc:subfield code="2">aat</marc:subfield>
</marc:datafield>
    <marc:datafield ind1=" " ind2="0" tag="655">
  <marc:subfield code="a">Manuscripts, Arabic</marc:subfield>
  <marc:subfield code="y">18th century.</marc:subfield>
</marc:datafield>
    <marc:datafield ind1=" " ind2="7" tag="655">
  <marc:subfield code="a">Criticism, interpretation, etc.</marc:subfield>
  <marc:subfield code="2">fast</marc:subfield>
  <marc:subfield code="0">(OCoLC)fst01411635</marc:subfield>
</marc:datafield>
    <marc:datafield ind1="1" ind2=" " tag="700">
  <marc:subfield code="a">T&#x323;ara&#x304;bulusi&#x304;, Muh&#x323;ammad ibn al-H&#x323;a&#x304;jj Mu&#x304;sa&#x301;, al-&#x2BB;At&#x323;t&#x323;a&#x304;r,</marc:subfield>
  <marc:subfield code="e">former owner.</marc:subfield>
</marc:datafield>
    <marc:datafield ind1="1" ind2=" " tag="700">
  <marc:subfield code="6">880-03</marc:subfield>
  <marc:subfield code="a">H&#x323;amawi&#x304;, Mus&#x323;t&#x323;afa&#x301;&#x301; Kari&#x304;mi&#x304;.</marc:subfield>
  <marc:subfield code="e">former owner.</marc:subfield>
</marc:datafield>
    <marc:datafield ind1="1" ind2=" " tag="700">
  <marc:subfield code="a">Lewis, John Frederick,</marc:subfield>
  <marc:subfield code="d">1860-1932,</marc:subfield>
  <marc:subfield code="e">former owner,</marc:subfield>
  <marc:subfield code="e">donor.</marc:subfield>
</marc:datafield>
    <marc:datafield ind1="2" ind2=" " tag="710">
  <marc:subfield code="a">Dropsie College for Hebrew and Cognate Learning,</marc:subfield>
  <marc:subfield code="e">former owner.</marc:subfield>
</marc:datafield>
    <marc:datafield ind1=" " ind2=" " tag="852">
  <marc:subfield code="b">Library at the Herbert D. Katz Center for Advanced Judaic Studies</marc:subfield>
  <marc:subfield code="a">University of Pennsylvania</marc:subfield>
  <marc:subfield code="e">420 Walnut Street, Philadelphia, Pennsylvania 19106-3703.</marc:subfield>
  <marc:subfield code="j">CAJS Rar Ms 136</marc:subfield>
</marc:datafield>
    <marc:datafield ind1="4" ind2="1" tag="856">
  <marc:subfield code="z">Digital facsimile in OPenn</marc:subfield>
  <marc:subfield code="u">https://openn.library.upenn.edu/Data/0002/html/cajs_rarms136.html</marc:subfield>
</marc:datafield>
    <marc:datafield ind1="0" ind2="0" tag="880">
  <marc:subfield code="6">245-01//r</marc:subfield>
  <marc:subfield code="a">&#x643;&#x62A;&#x627;&#x628; &#x642;&#x635;&#x629; &#x633;&#x64A;&#x62F;&#x646;&#x627; &#x64A;&#x648;&#x633;&#x641;.</marc:subfield>
</marc:datafield>
    <marc:datafield ind1="3" ind2="0" tag="880">
  <marc:subfield code="6">246-02//r</marc:subfield>
  <marc:subfield code="a">&#x642;&#x635;&#x629; &#x633;&#x64A;&#x62F;&#x646;&#x627; &#x64A;&#x648;&#x633;&#x641;.</marc:subfield>
</marc:datafield>
    <marc:datafield ind1="1" ind2=" " tag="880">
  <marc:subfield code="6">700-03//r</marc:subfield>
  <marc:subfield code="a">&#x62D;&#x645;&#x648;&#x64A;&#x60C; &#x645;&#x635;&#x637;&#x641;&#x649; &#x643;&#x631;&#x64A;&#x645;&#x64A;.</marc:subfield>
</marc:datafield>
    <marc:datafield ind1="1" ind2=" " tag="880">
  <marc:subfield code="6">700-04/(3/r</marc:subfield>
  <marc:subfield code="a">&#x637;&#x631;&#x627;&#x628;&#x644;&#x633;&#x64A;&#x60C; &#x645;&#x62D;&#x645;&#x62F; &#x628;&#x646; &#x627;&#x644;&#x62D;&#x627;&#x62C; &#x645;&#x648;&#x633;&#x649; &#x627;&#x644;&#x639;&#x637;&#x627;&#x631;.</marc:subfield>
</marc:datafield>
    <marc:datafield ind1=" " ind2=" " tag="994">
  <marc:subfield code="a">C0</marc:subfield>
  <marc:subfield code="b">PAU</marc:subfield>
</marc:datafield>
    <marc:datafield ind1=" " ind2=" " tag="996">
  <marc:subfield code="a">hinge-right</marc:subfield>
</marc:datafield>
    <marc:holdings>
      <marc:holding>
        <marc:holding_id>22320856820003681</marc:holding_id>
        <marc:call_number>CAJS Rar Ms 136</marc:call_number>
        <marc:library>KatzLib</marc:library>
        <marc:location>cjsrarms</marc:location>
      </marc:holding>
    </marc:holdings>
  </marc:record>
</marc:records>
